<?xml version="1.0" encoding="UTF-8"?><record xmlns="http://www.loc.gov/MARC21/slim" xmlns:cinclude="http://apache.org/cocoon/include/1.0" xmlns:zs="http://www.loc.gov/zing/srw/">
  <leader>00531nz  a2200133n  4500</leader>
  <controlfield tag="001">nr2001040294</controlfield>
  <controlfield tag="003">DLC</controlfield>
  <controlfield tag="005">20020405033106.0</controlfield>
  <controlfield tag="008">011003n| acannaabn          |n aaa     c</controlfield>
  <datafield tag="010" ind1=" " ind2=" ">
    <subfield code="a">nr2001040294</subfield>
  </datafield>
  <datafield tag="040" ind1=" " ind2=" ">
    <subfield code="a">MWA</subfield>
    <subfield code="b">eng</subfield>
    <subfield code="c">CtWfDGI</subfield>
  </datafield>
  <datafield tag="100" ind1="1" ind2=" ">
    <subfield code="a">Danforth, Samuel,</subfield>
    <subfield code="d">1740-1827</subfield>
  </datafield>
  <datafield tag="670" ind1=" " ind2=" ">
    <subfield code="a">Mass. Med. Soc. Med. dissertations, read before the Mass. Med. Soc., 1828:</subfield>
    <subfield code="b">p. 166 (Dr. Samuel Danforth)</subfield>
  </datafield>
  <datafield tag="670" ind1=" " ind2=" ">
    <subfield code="a">Sibley's Harvard graduates, 1933:</subfield>
    <subfield code="b">v. 14, p. 250, etc. (Dr. Samuel Danforth; class of 1758; b. Cambridge Aug. 4, 1740; d. Nov. 13, 1827)</subfield>
  </datafield>
</record>